
@misc{dumoulin2016guide,
    title={A guide to convolution arithmetic for deep learning},
    author={Vincent Dumoulin and Francesco Visin},
    year={2016},
    eprint={1603.07285},
    archivePrefix={arXiv},
    primaryClass={stat.ML}
}

@article{DBLP:journals/corr/abs-1901-04988,
  title     = {A Survey of {FPGA} Based Deep Learning Accelerators: Challenges and
               Opportunities},
  journal   = {CoRR},
  volume    = {abs/1901.04988},
  year      = {2019},
  note      = {Withdrawn.},
  url       = {http://arxiv.org/abs/1901.04988},
  archivePrefix = {arXiv},
  eprint    = {1901.04988},
  timestamp = {Mon, 06 Jan 2020 16:04:37 +0100},
  biburl    = {https://dblp.org/rec/journals/corr/abs-1901-04988.bib},
  bibsource = {dblp computer science bibliography, https://dblp.org}
}

@ARTICLE{lenet,
  author={Y. {Lecun} and L. {Bottou} and Y. {Bengio} and P. {Haffner}},
  journal={Proceedings of the IEEE}, 
  title={Gradient-based learning applied to document recognition}, 
  year={1998},
  volume={86},
  number={11},
  pages={2278-2324}
}

@misc{onnx,
	title= {ONNX: the open ecosystem for interchangeable AI models},
	url= {https://onnx.ai/}
}

@misc{PandA-Bambu,
	title= {Bambu: A Free Framework for the High-Level Synthesis of Complex Appli-
cations},
	url= {https://panda.dei.polimi.it/?page_id=31}
}

@misc{CS231n,
	title= {Convolutional Neural Networks for Visual Recognition},
	url= {https://cs231n.github.io/convolutional-networks/}
}

@inproceedings{streamit1,
	author = {Thies, William and Karczmarek, Michal and Amarasinghe, Saman},
	year = {2002},
	month = {06},
	pages = {},
	title = {StreamIt: A Language for Streaming Applications},
	volume = {2304},
	journal = {Lecture Notes in Computer Science},
	doi = {10.1007/3-540-45937-5_14}
}
@article{streamit2,
author = {Thies, William and Karczmarek, Michal and Gordon, Michael and Maze, David and Wong, Jeremy and Hoffmann, Henry and Brown, Matthew and Amarasinghe, Saman},
year = {2002},
month = {08},
pages = {},
title = {StreamIt: A Compiler for Streaming Applications}
}

@InProceedings{streamit3,
author = {Gordon, Michael I. and Thies, Bill and Amarasinghe, Saman},
title = {Exploiting Coarse-Grained Task, Data, and Pipeline Parallelism in Stream Programs},
booktitle = {International Conference on Architectural Support for Programming Languages and Operating Systems (ASPLOS 2006). San Jose, CA},
year = {2006},
month = {October},
url = {https://www.microsoft.com/en-us/research/publication/exploiting-coarse-grained-task-data-pipeline-parallelism-stream-programs/},
edition = {International Conference on Architectural Support for Programming Languages and Operating Systems (ASPLOS 2006). San Jose, CA},
}

@InProceedings{streamit4,
author = {Gordon, Michael I. and Thies, Bill and Karszmarek, Michal and Lin, Jasper and Meli, Ali S. and Lamb, Andrew A. and Leger, Chris and Wong, Jeremy and Hoffmann, Henry and Maze, David and Amarasinghe, Saman},
title = {A Stream Compiler for Communication-Exposed Architectures},
booktitle = {International Conference on Architectural Support for Programming Languages and Operating Systems (ASPLOS 2002). San Jose, CA},
year = {2002},
month = {August},
url = {https://www.microsoft.com/en-us/research/publication/stream-compiler-communication-exposed-architectures/},
edition = {International Conference on Architectural Support for Programming Languages and Operating Systems (ASPLOS 2002). San Jose, CA},
}

@misc{VitisAI,
author = {VitisAi},
url = {https://github.com/Xilinx/Vitis-AI}
}

@inproceedings{halide1,
author = {Ragan-Kelley, Jonathan and Barnes, Connelly and Adams, Andrew and Paris, Sylvain and Durand, Frédo and Amarasinghe, Saman},
year = {2013},
month = {06},
pages = {519-530},
title = {Halide: A Language and Compiler for Optimizing Parallelism, Locality, and Recomputation in Image Processing Pipelines},
volume = {48},
journal = {ACM SIGPLAN Notices},
doi = {10.1145/2499370.2462176}
}

@article{halideAutoscheduler,
author = {Adams, Andrew and Durand, Frédo and Ragan-Kelley, Jonathan and Ma, Karima and Anderson, Luke and Baghdadi, Riyadh and Li, Tzu-Mao and Gharbi, Michaël and Steiner, Benoit and Johnson, Steven and Fatahalian, Kayvon},
year = {2019},
month = {07},
pages = {1-12},
title = {Learning to optimize halide with tree search and random programs},
volume = {38},
journal = {ACM Transactions on Graphics},
doi = {10.1145/3306346.3322967}
}

@article{halideDifferentiable,
author = {Li, Tzu-Mao and Gharbi, Michael and Adams, Andrew and Durand, Frédo and Ragan-Kelley, Jonathan},
year = {2018},
month = {07},
pages = {1-13},
title = {Differentiable programming for image processing and deep learning in halide},
volume = {37},
journal = {ACM Transactions on Graphics},
doi = {10.1145/3197517.3201383}

}